
@article{california,
 ISSN = {00018368},
 URL = {http://www.jstor.org/stable/40712136},
 author = {Ashutosh Bhagwat},
 journal = {Administrative Law Review},
 number = {1},
 pages = {95--125},
 publisher = {American Bar Association},
 title = {INSTITUTIONS AND LONG TERM PLANNING: LESSONS FROM THE CALIFORNIA ELECTRICITY CRISIS},
 urldate = {2024-03-06},
 volume = {55},
 year = {2003}
}

@article{savings,
author = {Hong Tao},
year = {2015},
pages = {35-37},
title = {Crystal Ball Lessons in Predictive Analytics},
journal = {EnergyBiz},
}

@article{EPF_review,
author = {Weron, Rafał},
year = {2014},
month = {10},
pages = {},
title = {Electricity price forecasting: A review of the state-of-the-art with a look into the future},
volume = {30},
journal = {International Journal of Forecasting},
doi = {10.1016/j.ijforecast.2014.08.008}
}






@book{bringhurst1996ets,
  title={{The Elements of Typographic Style}},
  author={Bringhurst, Robert},
  year={1996},
  publisher={Hartley \& Marks}
}


@article{Kazashi_2023,
	doi = {10.1137/22m147476x},
  
	url = {https://doi.org/10.1137%2F22m147476x},
  
	year = 2023,
	month = {apr},
  
	publisher = {Society for Industrial {\&} Applied Mathematics ({SIAM})},
  
	volume = {61},
  
	number = {2},
  
	pages = {1080--1102},
  
	author = {Yoshihito Kazashi and Fabio Nobile},
  
	title = {Density Estimation in {RKHS} with Application to Korobov Spaces in High Dimensions},
  
	journal = {{SIAM} Journal on Numerical Analysis}
}


@book{Scott2015,
   title =     {Multivariate Density Estimation: Theory, Practice, and Visualization},
   author =    {David W. Scott},
   publisher = {Wiley},
   isbn =      {0471697559; 9780471697558},
   year =      {2015},
   series =    {Wiley Series in Probability and Statistics},
   edition =   {2}}




@book{pmlr,
  title = 	 {{Recovering Distributions from Gaussian RKHS Embeddings}},
  author = 	 {Kanagawa, Motonobu and Fukumizu, Kenji},
  booktitle = 	 {Proceedings of the Seventeenth International Conference on Artificial Intelligence and Statistics},
  pages = 	 {457--465},
  year = 	 {2014},
  editor = 	 {Kaski, Samuel and Corander, Jukka},
  volume = 	 {33},
  series = 	 {Proceedings of Machine Learning Research},
  address = 	 {Reykjavik, Iceland},
  month = 	 {22--25 Apr},
  publisher =    {PMLR},
  pdf = 	 {http://proceedings.mlr.press/v33/kanagawa14.pdf},
  url = 	 {https://proceedings.mlr.press/v33/kanagawa14.html}
}


@misc{2022nystrom,
      title={Nystr\"om Kernel Mean Embeddings}, 
      author={Antoine Chatalic and Nicolas Schreuder and Alessandro Rudi and Lorenzo Rosasco},
      year={2022},
      eprint={2201.13055},
      archivePrefix={arXiv},
      primaryClass={stat.ML}
}

@misc{multere2023fast,
      title={Fast Empirical Scenarios}, 
      author={Michael Multerer and Paul Schneider and Rohan Sen},
      year={2023},
      eprint={2307.03927},
      archivePrefix={arXiv},
      primaryClass={stat.ML}
}



@article{supersamples,
      title={Super-Samples from Kernel Herding}, 
      author={Yutian Chen and Max Welling and Alex Smola},
      year={2012},
      eprint={1203.3472},
      archivePrefix={arXiv},
      primaryClass={cs.LG}
}


@article{Muandet_2017,
	doi = {10.1561/2200000060},
  
	url = {https://doi.org/10.1561%2F2200000060},
  
	year = 2017,
	publisher = {Now Publishers},
  
	volume = {10},
  
	number = {1-2},
  
	pages = {1--141},
  
	author = {Krikamol Muandet and Kenji Fukumizu and Bharath Sriperumbudur and Bernhard Schölkopf},
  
	title = {Kernel Mean Embedding of Distributions: A Review and Beyond},
  
	journal = {Foundations and Trends{\textregistered} in Machine Learning}
}



@inproceedings{jebara,
author = {Jebara, Tony and Kondor, Risi},
year = {2003},
month = {01},
pages = {57-71},
title = {Bhattacharyya Expected Likelihood Kernels.},
volume = {2777},
isbn = {978-3-540-40720-1},
journal = {Conference on Learning Theory},
doi = {10.1007/978-3-540-45167-9_6}
}





@article{probablistic_electricity_forecast,
author = {Agakishiev, Ilyas and Härdle, Wolfgang Karl and Kozmik, Karel and Kopa, Milos and Petukhina, Alla},
year = {2023},
month = {01},
pages = {},
title = {Multivariate Probabilistic Forecasting of Electricity Prices With Trading Applications},
journal = {SSRN Electronic Journal},
doi = {10.2139/ssrn.4527675}
}



@article{probablistic_electricity_forecast2,
   title={Distributional neural networks for electricity price forecasting},
   volume={125},
   ISSN={0140-9883},
   url={http://dx.doi.org/10.1016/j.eneco.2023.106843},
   DOI={10.1016/j.eneco.2023.106843},
   journal={Energy Economics},
   publisher={Elsevier BV},
   author={Marcjasz, Grzegorz and Narajewski, Michał and Weron, Rafał and Ziel, Florian},
   year={2023},
   month=sep, pages={106843} }


@article{gneiting_weather_ensemble,
  title={Weather forecasting with ensemble methods},
  author={Gneiting, Tilmann and Raftery, Adrian E},
  journal={Science},
  volume={310},
  number={5746},
  pages={248--249},
  year={2005},
  publisher={American Association for the Advancement of Science}
}


@article{forecasting_big,
  title={Forecasting: theory and practice},
  author={Petropoulos, Fotios and Apiletti, Daniele and Assimakopoulos, Vassilios and Babai, Mohamed Zied and Barrow, Devon K and Taieb, Souhaib Ben and Bergmeir, Christoph and Bessa, Ricardo J and Bijak, Jakub and Boylan, John E and others},
  journal={International Journal of Forecasting},
  volume={38},
  number={3},
  pages={705--871},
  year={2022},
  publisher={Elsevier}
}





%CRPS papers
%--------------------------------------------------@article{proper_scores,
  title={Strictly proper scoring rules, prediction, and estimation},
  author={Gneiting, Tilmann and Raftery, Adrian E},
  journal={Journal of the American statistical Association},
  volume={102},
  number={477},
  pages={359--378},
  year={2007},
  publisher={Taylor \& Francis}
}

@article{new_multi_tes1,
  title={A new test for multivariate normality},
  author={Sz{\'e}kely, G{\'a}bor J and Rizzo, Maria L},
  journal={Journal of Multivariate Analysis},
  volume={93},
  number={1},
  pages={58--80},
  year={2005},
  publisher={Elsevier}
}


@article{new_multi_test2,
  title={On a new multivariate two-sample test},
  author={Baringhaus, Ludwig and Franz, Carsten},
  journal={Journal of multivariate analysis},
  volume={88},
  number={1},
  pages={190--206},
  year={2004},
  publisher={Elsevier}
}

%Websites------------------------------------------
@online{un_sdgs,
  title        = {{THE 17 GOALS Sustainable Development - the United Nations}},
  note          = {https://sdgs.un.org/goals}
}