% =================================================
%Websites------------------------------------------
% =================================================
% year={n.d.}
% %   note= {Accessed: },

% \_ in the urls


@article{garfield1996cite,
  title={When to cite},
  author={Garfield, Eugene},
  journal={The Library Quarterly},
  volume={66},
  number={4},
  pages={449--458},
  year={1996},
  publisher={University of Chicago Press}
}

@misc{eu_zonal,
  title        = {{Active participation in the development of the electricity market}},
  author = {{Polskie Sieci Elektroenergetyczne}},
  year = {2016},
  howpublished= {\url{https://raport2016.pse.pl/en/active-participation-in-the-development-of-the-electricity-market\#national-electricity-market}}

}


@misc{gm_22,
  title        = {{GM22TutorialProbabilisticEnergyForecasting}},
  author = {Hong, Tao},
  year = {2022},
  howpublished= {\url{https://resourcecenter.ieee-pes.org/education/tutorials}}

}
% https://resourcecenter.ieee-pes.org/education/tutorials/pes\_ed\_tut\_gm22\_0717\_pefm\_sld

@misc{scikitscale_example,
  title        = {{Importance of feature scaling}},
  author={Lanigan, Tyler and Raschka, Sebastian and Amor, Arturo},
  year={n.d.},
  howpublished          = {\url{https://scikit-learn.org/stable/auto\_examples/preprocessing/plot\_scaling\_importance.html}}
}



@misc{us_local,
  title        = {{Electricity Price Map in the US, NREL}},
  author={Roberts, Billy},
  year={2021},
  howpublished          = {\url{https://geocurrents.info/wp-content/uploads/2012/06/electricity-price-map.jpg}}
}


@online{scikithalvinggridsearch,
  title        = {{Scikit HalvingGridSearchCV}},
  author={Scikit-learn team},
  year={2020},
  howpublished          = {\url{https://scikit-learn.org/stable/modules/grid\_search.html\#successive-halving-user-guide}}
}

@misc{un_sdgs,
  title        = {{The 17 UN Sustainable Development Goals}},
  author={United Nations},
  year={2015},
  howpublished          = {\url{https://sdgs.un.org/goals}}
}

@online{scikitscalers,
  title        = {{The effect of different scalers on data}},
  author={Rv, Raghav and Lemaitre, Guillaume and Unterhiner, Thomas},
  year={n.d.},
  howpublished          = {\url{https://scikit-learn.org/stable/auto_examples/preprocessing/plot_all_scaling.html}}
}





@misc{hdrcde,
  title = {{hdrcde}: Highest Density Regions and Conditional Density Estimation},
  author = {Hyndman, Rob J.  and Einbeck,Jochen and Wand, Matthew P.},
  year = {2023},
  howpublished = {\url{https://pkg.robjhyndman.com/hdrcde/}},
}
%   note = {R package version 3.4},

@misc{vandenberghe2010cvxopt,
  title={The {CVXOPT} linear and quadratic cone program solvers},
  author={Vandenberghe, Lieven},
  howpublished = {\url{http://cvxopt.org/documentation/coneprog.pdf}},
  year={2010}
}
